<?xml version="1.0" encoding="UTF-8"?><collection xmlns="http://www.loc.gov/MARC21/slim"><record><leader>00396nam--2200109-i-4500</leader><controlfield tag="001">000030599</controlfield><controlfield tag="002">20161230</controlfield><controlfield tag="005">20170305184548</controlfield><controlfield tag="008">060222s1000------------r-----000-0-eng-d</controlfield><datafield ind1=" " ind2=" " tag="245"><subfield code="a">Liste recapitulative des rapports C.E.A. publies par le commissariat a l`energie atimique.II-eme serie</subfield><subfield code="b">Rapports Originaux, 1964</subfield></datafield><datafield ind1=" " ind2=" " tag="260"><subfield code="a">Saclay</subfield><subfield code="b">Commissariat A L`Energie Atomique</subfield><subfield code="c">1975</subfield></datafield><datafield ind1=" " ind2=" " tag="CAT"><subfield code="a">SYS</subfield><subfield code="c">20170305</subfield><subfield code="h">184548</subfield></datafield></record></collection>